@article{bollen2011twitter,
  title={Twitter mood predicts the stock market},
  author={Bollen, Johan and Mao, Huina and Zeng, Xiaojun},
  journal={Journal of computational science},
  volume={2},
  number={1},
  pages={1--8},
  year={2011},
  publisher={Elsevier}
}

@article{chen2013effect,
  title={The effect of language on economic behavior: Evidence from savings rates, health behaviors, and retirement assets},
  author={Chen, M Keith},
  journal={American Economic Review},
  volume={103},
  number={2},
  pages={690--731},
  year={2013}
}

@article{daugherty2010taking,
  title={Taking time to be healthy: Predicting health behaviors with delay discounting and time perspective},
  author={Daugherty, James R and Brase, Gary L},
  journal={Personality and Individual differences},
  volume={48},
  number={2},
  pages={202--207},
  year={2010},
  publisher={Elsevier}
}


@article{gerber2014predicting,
  title={Predicting crime using Twitter and kernel density estimation},
  author={Gerber, Matthew S},
  journal={Decision Support Systems},
  volume={61},
  pages={115--125},
  year={2014},
  publisher={Elsevier}
}

@article{hofstede1988confucius,
  title={The Confucius connection: From cultural roots to economic growth},
  author={Hofstede, Geert and Bond, Michael Harris},
  journal={Organizational dynamics},
  volume={16},
  number={4},
  pages={5--21},
  year={1988},
  publisher={Elsevier}
}

@article{hofstede1991cultures,
  title={Cultures and organizations. Intercultural cooperation and its importance for survival. Software of the mind},
  author={Hofstede, Geert},
  journal={London: McGraw-Hill},
  year={2010}
}

@article{ireland2015future,
  title={Future-oriented tweets predict lower county-level HIV prevalence in the United States.},
  author={Ireland, Molly E and Schwartz, H Andrew and Chen, Qijia and Ungar, Lyle H and Albarrac{\'\i}n, Dolores},
  journal={Health Psychology},
  volume={34},
  number={S},
  pages={1252},
  year={2015},
  publisher={American Psychological Association}
}

@article{tumasjan2011election,
  title={Election forecasts with Twitter: How 140 characters reflect the political landscape},
  author={Tumasjan, Andranik and Sprenger, Timm O and Sandner, Philipp G and Welpe, Isabell M},
  journal={Social science computer review},
  volume={29},
  number={4},
  pages={402--418},
  year={2011},
  publisher={Sage Publications Sage CA: Los Angeles, CA}
}

@article{mitchell2013geography,
  title={The geography of happiness: Connecting twitter sentiment and expression, demographics, and objective characteristics of place},
  author={Mitchell, Lewis and Frank, Morgan R and Harris, Kameron Decker and Dodds, Peter Sheridan and Danforth, Christopher M},
  journal={PloS one},
  volume={8},
  number={5},
  pages={e64417},
  year={2013},
  publisher={Public Library of Science}
}

@techreport{pennebaker2015development,
  title={The development and psychometric properties of LIWC2015},
  author={Pennebaker, James W and Boyd, Ryan L and Jordan, Kayla and Blackburn, Kate},
  year={2015}
}

@article{henson2006associations,
  title={Associations among health behaviors and time perspective in young adults: Model testing with boot-strapping replication},
  author={Henson, James M and Carey, Michael P and Carey, Kate B and Maisto, Stephen A},
  journal={Journal of behavioral medicine},
  volume={29},
  number={2},
  pages={127--137},
  year={2006},
  publisher={Springer}
}

@article{howlett2008role,
  title={The role of self-regulation, future orientation, and financial knowledge in long-term financial decisions},
  author={Howlett, Elizabeth and Kees, Jeremy and Kemp, Elyria},
  journal={Journal of Consumer Affairs},
  volume={42},
  number={2},
  pages={223--242},
  year={2008},
  publisher={Wiley Online Library}
}

@article{jacobs2005influence,
  title={Influence of future time perspective, financial knowledge, and financial risk tolerance on retirement saving behaviors},
  author={Jacobs-Lawson, Joy M and Hershey, Douglas A},
  journal={Financial Services Review},
  volume={14},
  number={4},
  pages={331},
  year={2005},
  publisher={Academy of Financial Services}
}

@article{preis2012quantifying,
  title={Quantifying the advantage of looking forward},
  author={Preis, Tobias and Moat, Helen Susannah and Stanley, H Eugene and Bishop, Steven R},
  journal={Scientific reports},
  volume={2},
  pages={350},
  year={2012},
  publisher={Nature Publishing Group}
}

@book{read1993politics,
  title={Politics and policies of national economic growth},
  author={Read, Russell},
  year={1993},
  publisher={Stanford University}
}

@article{tang2008framework,
  title={A framework to update Hofstede's cultural value indices: economic dynamics and institutional stability},
  author={Tang, Linghui and Koveos, Peter E},
  journal={Journal of International Business Studies},
  volume={39},
  number={6},
  pages={1045--1063},
  year={2008},
  publisher={Springer}
}

@incollection{zimbardo2015putting,
  title={Putting time in perspective: A valid, reliable individual-differences metric},
  author={Zimbardo, Philip G and Boyd, John N},
  booktitle={Time perspective theory; review, research and application},
  pages={17--55},
  year={2015},
  publisher={Springer}
}

